@article{Transtrum2016,
author = {Transtrum, Mark K and Qiu, Peng},
doi = {10.1371/journal.pcbi.1004915},
file = {:Users/tisssu/Documents/mini{\_}project/pcbi.1004915.pdf:pdf},
pages = {1--34},
title = {{Bridging Mechanistic and Phenomenological Models of Complex Biological Systems}},
year = {2016}
}

@misc{BenjaminT.MartinStephanB.Munch2018,
author = {Benjamin T. Martin, Stephan B. Munch, and Andrew M. Hein.},
doi = {https://doi.org/10.1098/rspb.2018.0422},
file = {:Users/tisssu/Documents/mini{\_}project/symbolic{\_}regression.pdf:pdf},
pages = {285.},
title = {{Reverse-engineering ecological theory from data}},
url = {https://doi.org/10.1098/rspb.2018.0422},
year = {2018}
}

@article{Liu2016,
author = {Liu, Yang-yu},
file = {:Users/tisssu/Documents/mini{\_}project/074617.full.pdf:pdf},
title = {{REVEALING COMPLEX ECOLOGICAL DYNAMICS VIA SYMBOLIC}},
year = {2016}
}

@article{Schmidt2009,
author = {Schmidt, Michael and Lipson, Hod},
file = {:Users/tisssu/Documents/mini{\_}project/physical symbolic regression.pdf:pdf},
number = {April},
pages = {81--86},
title = {{Distilling Free-Form Natural Laws}},
volume = {324},
year = {2009}
}

@article{mckendrick_pai_1912, title={XLV.—The Rate of Multiplication of Micro-organisms: A Mathematical Study}, volume={31}, DOI={10.1017/S0370164600025426}, journal={Proceedings of the Royal Society of Edinburgh}, publisher={Royal Society of Edinburgh Scotland Foundation}, author={McKendrick, A. G. and Pai, M. Kesava}, year={1912}, pages={649–653}}

@article{Mccaatity,
author = {Mccaatity, Johx},
file = {:Users/tisssu/Documents/mini{\_}project/mccarthy-1960.pdf:pdf},
title = {{Recursive Functions of Symbolic Expressions and Their Computation by Machine , Part I}},
year = {1960}
}

@article{Brad1995,
author = {Brad, L M and Goldberg, David E},
file = {:Users/tisssu/Documents/mini{\_}project/e94e2cf14c38e9cff4d2446a50db0aedd4ca.pdf:pdf},
pages = {193--212},
title = {{Genetic Algorithms , Tournament Selection , and the Effects of Noise}},
volume = {9},
year = {1995}
}

@article{Efron,
author = {Efron, Bradley and Tibshirani, Robert J},
file = {:Users/tisssu/Documents/mini{\_}project/bootstraping.pdf:pdf},
title = {{Introduction to the Bootstrap}},
year = {1993}
}

@article{Ho1995,
author = {Ho, Tin Kam},
file = {:Users/tisssu/Documents/mini{\_}project/odt.pdf:pdf},
journal = {Proceedings of the 3rd International Conference on Document Analysis and Recognition, Montreal, QC},
pages = {pp. 278--282},
title = {{Random Decision Forests}},
volume = {47},
year = {1995}
}

@article{Kami2018,
author = {Kami, Bogumi{\l} and Jakubczyk, Micha{\l}},
doi = {10.1007/s10100-017-0479-6},
file = {:Users/tisssu/Documents/mini{\_}project/decision{\_}tree.pdf:pdf},
keywords = {decision optimization,decision sensitivity,decision trees},
pages = {135--159},
title = {{A framework for sensitivity analysis of decision trees}},
year = {2018}
}

@article{Luhring2017,
author = {Luhring, J P Gibert T M and Reed, G Bachman B and Montooth, A Neyer K L},
doi = {10.1002/ece3.2955},
file = {:Users/tisssu/Desktop/literature/metabolism/DeLong{\_}et{\_}al-2017-Ecology{\_}and{\_}Evolution.pdf:pdf},
keywords = {acclimation,metabolic rate,thermal adaptation,thermal performance curve},
number = {December 2016},
pages = {3940--3950},
title = {{The combined effects of reactant kinetics and enzyme stability explain the temperature dependence of metabolic rates}},
year = {2017}
}

@TECHREPORT{Riedmiller92rprop-,
    author = {Martin Riedmiller and Heinrich Braun},
    title = {RPROP - A Fast Adaptive Learning Algorithm},
    institution = {Proc. of ISCIS VII), Universitat},
    year = {1992}
}